<record><leader>00000cas a22000007a 4500</leader><controlfield tag="001">22426642</controlfield><controlfield tag="008">900924u1uuuuuuutxuwr ne      0    0eng d</controlfield><datafield ind1=" " ind2=" " tag="010"><subfield code="a">sn 90051717 </subfield></datafield><datafield ind1=" " ind2=" " tag="040"><subfield code="a">CNQ</subfield><subfield code="b">eng</subfield><subfield code="c">CNQ</subfield><subfield code="d">OCLCQ</subfield></datafield><datafield ind1=" " ind2=" " tag="042"><subfield code="a">msc</subfield></datafield><datafield ind1="0" ind2=" " tag="130"><subfield code="a">Valley news (Balmorhea, Texas)</subfield></datafield><datafield ind1="1" ind2="4" tag="245"><subfield code="a">The valley news.</subfield></datafield><datafield ind1=" " ind2=" " tag="260"><subfield code="a">Balmorhea, Reeves County, Tex. :</subfield><subfield code="b">Gilford Moore</subfield></datafield><datafield ind1=" " ind2=" " tag="300"><subfield code="a">v.</subfield></datafield><datafield ind1=" " ind2=" " tag="310"><subfield code="a">Weekly</subfield></datafield><datafield ind1=" " ind2=" " tag="588"><subfield code="a">Description based on: Vol. 1, no. 33 (summer, 1965).</subfield></datafield><datafield ind1=" " ind2=" " tag="752"><subfield code="a">United States</subfield><subfield code="b">Texas</subfield><subfield code="c">Reeves</subfield><subfield code="d">Balmorhea.</subfield></datafield></record>